@Book{knuth:84,
  author = 	 {Donald E. Knuth},
  title = 	 {The {\TeX} Book},
  publisher = 	 {Addison-Wesley},
  year = 	 {1984},
  edition = 	 {15th}
}

@InCollection{boulic:91,
  author = 	 {R. Boulic and O. Renault},
  title = 	 {3D Hierarchies for Animation},
  booktitle = 	 {New Trends in Animation and Visualization},
  publisher =    {John Wiley {\&} Sons ltd.},
  year = 	 {1991},
  editor = 	 {Nadia Magnenat-Thalmann and Daniel Thalmann}
}

@InCollection{smith:99,
  author = 	 {A. Smith and B. Jones},
  title = 	 {On the Complexity of Computing},
  booktitle = 	 {Advances in Computer Science},
  pages = 	 {555--566},
  publisher =    {Publishing Press},
  year = 	 {1999},
  editor = 	 {A. B. Smith-Jones}
}

@book{feilner2006openvpn,
  title={OpenVPN: Building and integrating virtual private networks},
  author={Feilner, Markus},
  year={2006},
  publisher={Packt Publishing Ltd}
}

@InCollection{hostone:100,
  author = 	 {Jeandro},
  title = 	 {Servidor VPN - pros and cons},
  pages = 	 {1--7},
  publisher =    {Hostone},
  year = 	 {2019},
}

@InCollection{stackexchange:101,
  author = 	 {Thomas Pornin},
  title = 	 {Information Security},
  pages = 	 {1},
  publisher =    {Stack Exchange},
  year = 	 {2011},
}


@InCollection{compugraf:103,
  author = 	 {Rodrigo Santos},
  title = 	 {VPN e a diferen√ßa entre elas atuando em seu ambiente de trabalho remoto},
  booktitle = 	 {Trabalho remoto},
  pages = 	 {1--3},
  publisher =    {Compugraf},
  year = 	 {2020},
}

@InCollection{starti:104,
  author = 	 {Mirian Fernandes},
  title = 	 {VPN - Taking care of remote access},
  pages = 	 {1--7},
  publisher =    {StarTI},
  year = 	 {2020},
}

